<?xml version="1.0" encoding="UTF-8"?><record xmlns="http://www.loc.gov/MARC21/slim" xmlns:cinclude="http://apache.org/cocoon/include/1.0" xmlns:zs="http://www.loc.gov/zing/srw/">
  <leader>00525nz  a2200157n  4500</leader>
  <controlfield tag="001">no2005060695</controlfield>
  <controlfield tag="003">DLC</controlfield>
  <controlfield tag="005">20050702071003.0</controlfield>
  <controlfield tag="008">050609n| acannaabn          |a aaa     c</controlfield>
  <datafield tag="010" ind1=" " ind2=" ">
    <subfield code="a">no2005060695</subfield>
  </datafield>
  <datafield tag="035" ind1=" " ind2=" ">
    <subfield code="a">(OCoLC)oca06670699</subfield>
  </datafield>
  <datafield tag="040" ind1=" " ind2=" ">
    <subfield code="a">SaPrUSA</subfield>
    <subfield code="b">eng</subfield>
    <subfield code="c">SaPrUSA</subfield>
  </datafield>
  <datafield tag="100" ind1="1" ind2=" ">
    <subfield code="a">Talbot, A. E.</subfield>
    <subfield code="q">(Alan Edmond)</subfield>
  </datafield>
  <datafield tag="400" ind1="1" ind2=" ">
    <subfield code="a">Talbot, Alan Edmond</subfield>
  </datafield>
  <datafield tag="670" ind1=" " ind2=" ">
    <subfield code="a">Guide to company law, 1975:</subfield>
    <subfield code="b">t.p. (A.E. Talbot, Chartered Accountant)</subfield>
  </datafield>
  <datafield tag="670" ind1=" " ind2=" ">
    <subfield code="a">Nat. Libr. of Aust., June 9, 2005</subfield>
    <subfield code="b">(hdg.: Talbot, A. E. (Alan Edmond); usage: A.E. Talbot)</subfield>
  </datafield>
</record>